@misc{kragic2021effective,
  title={Effective and natural human-robot interaction requires multidisciplinary research},
  author={Kragic, Danica and Sandamirskaya, Yulia},
  journal={Science Robotics},
  volume={6},
  number={58},
  pages={eabl7022},
  year={2021},
  publisher={American Association for the Advancement of Science}
}

@article{selvaggio2021autonomy,
  title={Autonomy in physical human-robot interaction: A brief survey},
  author={Selvaggio, Mario and Cognetti, Marco and Nikolaidis, Stefanos and Ivaldi, Serena and Siciliano, Bruno},
  journal={IEEE Robotics and Automation Letters},
  year={2021},
  publisher={IEEE}
}

@article{cheng2021human,
  title={Human-aware robot task planning based on a hierarchical task model},
  author={Cheng, Yujiao and Sun, Liting and Tomizuka, Masayoshi},
  journal={IEEE Robotics and Automation Letters},
  volume={6},
  number={2},
  pages={1136--1143},
  year={2021},
  publisher={IEEE}
}

@article{coupete2015gesture,
  title={Gesture recognition using a depth camera for human robot collaboration on assembly line},
  author={Coupet{\'e}, Eva and Moutarde, Fabien and Manitsaris, Sotiris},
  journal={Procedia Manufacturing},
  volume={3},
  pages={518--525},
  year={2015},
  publisher={Elsevier}
}

@article{CramerKD21,
  author    = {Martijn Cramer and
               Karel Kellens and
               Eric Demeester},
  title     = {Probabilistic Decision Model for Adaptive Task Planning in Human-Robot
               Collaborative Assembly Based on Designer and Operator Intents},
  journal   = {{IEEE} Robotics Autom. Lett.},
  volume    = {6},
  number    = {4},
  pages     = {7325--7332},
  year      = {2021},
  url       = {https://doi.org/10.1109/LRA.2021.3095513},
  doi       = {10.1109/LRA.2021.3095513},
  timestamp = {Thu, 12 Aug 2021 17:50:02 +0200},
  biburl    = {https://dblp.org/rec/journals/ral/CramerKD21.bib},
  bibsource = {dblp computer science bibliography, https://dblp.org}
}

@inproceedings{CirilloKS09a,
  author    = {Marcello Cirillo and
               Lars Karlsson and
               Alessandro Saffiotti},
  title     = {Human-aware task planning for mobile robots},
  booktitle = {14th International Conference on Advanced Robotics, {ICAR} 2009, 22-26
               June 2009, Munich, Germany},
  pages     = {1--7},
  publisher = {{IEEE}},
  year      = {2009},
  url       = {https://ieeexplore.ieee.org/document/5174775/},
  timestamp = {Mon, 09 Aug 2021 15:21:43 +0200},
  biburl    = {https://dblp.org/rec/conf/icar/CirilloKS09.bib},
  bibsource = {dblp computer science bibliography, https://dblp.org}
}

@inproceedings{CirilloKS09,
  author    = {Marcello Cirillo and
               Lars Karlsson and
               Alessandro Saffiotti},
  editor    = {Alfonso Gerevini and
               Adele E. Howe and
               Amedeo Cesta and
               Ioannis Refanidis},
  title     = {A Human-Aware Robot Task Planner},
  booktitle = {Proceedings of the 19th International Conference on Automated Planning
               and Scheduling, {ICAPS} 2009, Thessaloniki, Greece, September 19-23,
               2009},
  publisher = {{AAAI}},
  year      = {2009},
  url       = {http://aaai.org/ocs/index.php/ICAPS/ICAPS09/paper/view/703},
  timestamp = {Thu, 13 Dec 2012 14:15:16 +0100},
  biburl    = {https://dblp.org/rec/conf/aips/CirilloKS09.bib},
  bibsource = {dblp computer science bibliography, https://dblp.org}
}

@inproceedings{cheng2019human,
  title={Human motion prediction using semi-adaptable neural networks},
  author={Cheng, Yujiao and Zhao, Weiye and Liu, Changliu and Tomizuka, Masayoshi},
  booktitle={2019 American Control Conference (ACC)},
  pages={4884--4890},
  year={2019},
  organization={IEEE}
}

@article{cheng2020towards,
  title={Towards efficient human-robot collaboration with robust plan recognition and trajectory prediction},
  author={Cheng, Yujiao and Sun, Liting and Liu, Changliu and Tomizuka, Masayoshi},
  journal={IEEE Robotics and Automation Letters},
  volume={5},
  number={2},
  pages={2602--2609},
  year={2020},
  publisher={IEEE}
}

@article{nikolaidis2012human,
  title={Human-robot teaming using shared mental models},
  author={Nikolaidis, Stefanos and Shah, Julie},
  journal={ACM/IEEE HRI},
  year={2012}
}

@article{johannsmeier2016hierarchical,
  title={A hierarchical human-robot interaction-planning framework for task allocation in collaborative industrial assembly processes},
  author={Johannsmeier, Lars and Haddadin, Sami},
  journal={IEEE Robotics and Automation Letters},
  volume={2},
  number={1},
  pages={41--48},
  year={2016},
  publisher={IEEE}
}

@inproceedings{PupaS21,
  author    = {Andrea Pupa and
               Cristian Secchi},
  title     = {A Safety-Aware Architecture for Task Scheduling and Execution for
               Human-Robot Collaboration},
  booktitle = {{IEEE/RSJ} International Conference on Intelligent Robots and Systems,
               {IROS} 2021, Prague, Czech Republic, September 27 - Oct. 1, 2021},
  pages     = {1895--1902},
  publisher = {{IEEE}},
  year      = {2021},
  url       = {https://doi.org/10.1109/IROS51168.2021.9636855},
  doi       = {10.1109/IROS51168.2021.9636855},
  timestamp = {Wed, 22 Dec 2021 12:37:50 +0100},
  biburl    = {https://dblp.org/rec/conf/iros/PupaS21.bib},
  bibsource = {dblp computer science bibliography, https://dblp.org}
}

@inproceedings{diftler2011robonaut,
  title={Robonaut 2-the first humanoid robot in space},
  author={Diftler, Myron A and Mehling, JS and Abdallah, Muhammad E and Radford, Nicolaus A and Bridgwater, Lyndon B and Sanders, Adam M and Askew, Roger Scott and Linn, D Marty and Yamokoski, John D and Permenter, FA and others},
  booktitle={2011 IEEE international conference on robotics and automation},
  pages={2178--2183},
  year={2011},
  organization={IEEE}
}

@article{jacob2013collaboration,
  title={Collaboration with a robotic scrub nurse},
  author={Jacob, Mithun George and Li, Yu-Ting and Akingba, George A and Wachs, Juan P},
  journal={Communications of the ACM},
  volume={56},
  number={5},
  pages={68--75},
  year={2013},
  publisher={ACM New York, NY, USA}
}

@article{unhelkar2018human,
  title={Human-aware robotic assistant for collaborative assembly: Integrating human motion prediction with planning in time},
  author={Unhelkar, Vaibhav V and Lasota, Przemyslaw A and Tyroller, Quirin and Buhai, Rares-Darius and Marceau, Laurie and Deml, Barbara and Shah, Julie A},
  journal={IEEE Robotics and Automation Letters},
  volume={3},
  number={3},
  pages={2394--2401},
  year={2018},
  publisher={IEEE}
}

@inproceedings{CrosbyJR14,
  author    = {Matthew Crosby and
               Anders Jonsson and
               Michael Rovatsos},
  editor    = {Torsten Schaub and
               Gerhard Friedrich and
               Barry O'Sullivan},
  title     = {A Single-Agent Approach to Multiagent Planning},
  booktitle = {{ECAI} 2014 - 21st European Conference on Artificial Intelligence,
               18-22 August 2014, Prague, Czech Republic - Including Prestigious
               Applications of Intelligent Systems {(PAIS} 2014)},
  series    = {Frontiers in Artificial Intelligence and Applications},
  volume    = {263},
  pages     = {237--242},
  publisher = {{IOS} Press},
  year      = {2014},
  url       = {https://doi.org/10.3233/978-1-61499-419-0-237},
  doi       = {10.3233/978-1-61499-419-0-237},
  timestamp = {Fri, 02 Jun 2017 20:46:54 +0200},
  biburl    = {https://dblp.org/rec/conf/ecai/CrosbyJR14.bib},
  bibsource = {dblp computer science bibliography, https://dblp.org}
}

@article{ShekharB20,
  author    = {Shashank Shekhar and
               Ronen I. Brafman},
  title     = {Representing and planning with interacting actions and privacy},
  journal   = {Artif. Intell.},
  volume    = {278},
  year      = {2020},
  url       = {https://doi.org/10.1016/j.artint.2019.103200},
  doi       = {10.1016/j.artint.2019.103200},
  timestamp = {Sat, 12 Jun 2021 10:34:30 +0200},
  biburl    = {https://dblp.org/rec/journals/ai/ShekharB20.bib},
  bibsource = {dblp computer science bibliography, https://dblp.org}
}

@phdthesis{thesisBuisan21,
  author    = {Guilhem Buisan},
  title     = {Planning For Both Robot and Human: Anticipating and Accompanying Human
               Decisions.},
  school    = {{INSA} Toulouse, France},
  year      = {2021},
  url       = {https://tel.archives-ouvertes.fr/tel-03390658},
  timestamp = {Thu, 06 Jan 2022 07:55:01 +0100},
  biburl    = {https://dblp.org/rec/phd/hal/Buisan21.bib},
  bibsource = {dblp computer science bibliography, https://dblp.org}
}

@article{martinie2019analysing,
  title={Analysing and demonstrating tool-supported customizable task notations},
  author={Martinie, C{\'e}lia and Palanque, Philippe and Bouzekri, Elodie and Cockburn, Andy and Canny, Alexandre and Barboni, Eric},
  journal={Proceedings of the ACM on human-computer interaction},
  volume={3},
  number={EICS},
  pages={1--26},
  year={2019},
  publisher={ACM New York, NY, USA}
}

@inproceedings{tellex2014asking,
  author    = {Stefanie Tellex and
               Ross A. Knepper and
               Adrian Li and
               Daniela Rus and
               Nicholas Roy},
  editor    = {Dieter Fox and
               Lydia E. Kavraki and
               Hanna Kurniawati},
  title     = {Asking for Help Using Inverse Semantics},
  booktitle = {Robotics: Science and Systems X, University of California, Berkeley,
               USA, July 12-16, 2014},
  year      = {2014},
  url       = {http://www.roboticsproceedings.org/rss10/p24.html},
  doi       = {10.15607/RSS.2014.X.024},
  timestamp = {Fri, 29 Jan 2021 22:08:25 +0100},
  biburl    = {https://dblp.org/rec/conf/rss/TellexKLRR14.bib},
  bibsource = {dblp computer science bibliography, https://dblp.org}
}

@article{paterno2004concurtasktrees,
  title={ConcurTaskTrees: an engineered notation for task models},
  author={Patern{\`o}, Fabio},
  journal={The handbook of task analysis for human-computer interaction},
  pages={483--503},
  year={2004},
  publisher={Lawrence Erlbaum Associates Mahwah}
}

@inproceedings{BuisanSA20,
  author    = {Guilhem Buisan and
               Guillaume Sarthou and
               Rachid Alami},
  editor    = {Alan R. Wagner and
               David Feil{-}Seifer and
               Kerstin Sophie Haring and
               Silvia Rossi and
               Thomas Emrys Williams and
               Hongsheng He and
               Shuzhi Sam Ge},
  title     = {Human Aware Task Planning Using Verbal Communication Feasibility and
               Costs},
  booktitle = {Social Robotics - 12th International Conference, {ICSR} 2020, Golden,
               CO, USA, November 14-18, 2020, Proceedings},
  series    = {Lecture Notes in Computer Science},
  volume    = {12483},
  pages     = {554--565},
  publisher = {Springer},
  year      = {2020},
  url       = {https://doi.org/10.1007/978-3-030-62056-1\_46},
  doi       = {10.1007/978-3-030-62056-1\_46},
  timestamp = {Thu, 07 Apr 2022 08:44:28 +0200},
  biburl    = {https://dblp.org/rec/conf/socrob/BuisanSA20.bib},
  bibsource = {dblp computer science bibliography, https://dblp.org}
}



@inproceedings{ShvoKM22,
  author    = {Maayan Shvo and
               Toryn Q. Klassen and
               Sheila A. McIlraith},
  editor    = {Akshat Kumar and
               Sylvie Thi{\'{e}}baux and
               Pradeep Varakantham and
               William Yeoh},
  title     = {Resolving Misconceptions about the Plans of Agents via Theory of Mind},
  booktitle = {Proceedings of the Thirty-Second International Conference on Automated
               Planning and Scheduling, {ICAPS} 2022, Singapore (virtual), June 13-24,
               2022},
  pages     = {719--729},
  publisher = {{AAAI} Press},
  year      = {2022},
  url       = {https://ojs.aaai.org/index.php/ICAPS/article/view/19862},
  timestamp = {Wed, 20 Jul 2022 14:27:38 +0200},
  biburl    = {https://dblp.org/rec/conf/aips/ShvoKM22.bib},
  bibsource = {dblp computer science bibliography, https://dblp.org}
}

@inproceedings{HayesS16,
  author    = {Bradley Hayes and
               Brian Scassellati},
  editor    = {Danica Kragic and
               Antonio Bicchi and
               Alessandro De Luca},
  title     = {Autonomously constructing hierarchical task networks for planning
               and human-robot collaboration},
  booktitle = {2016 {IEEE} International Conference on Robotics and Automation, {ICRA}
               2016, Stockholm, Sweden, May 16-21, 2016},
  pages     = {5469--5476},
  publisher = {{IEEE}},
  year      = {2016},
  url       = {https://doi.org/10.1109/ICRA.2016.7487760},
  doi       = {10.1109/ICRA.2016.7487760},
  timestamp = {Fri, 27 Mar 2020 08:57:10 +0100},
  biburl    = {https://dblp.org/rec/conf/icra/HayesS16.bib},
  bibsource = {dblp computer science bibliography, https://dblp.org}
}

@inproceedings{VatsKL22,
  author    = {Shivam Vats and
               Oliver Kroemer and
               Maxim Likhachev},
  title     = {Synergistic Scheduling of Learning and Allocation of Tasks in Human-Robot
               Teams},
  booktitle = {2022 International Conference on Robotics and Automation, {ICRA} 2022,
               Philadelphia, PA, USA, May 23-27, 2022},
  pages     = {2789--2795},
  publisher = {{IEEE}},
  year      = {2022},
  url       = {https://doi.org/10.1109/ICRA46639.2022.9812328},
  doi       = {10.1109/ICRA46639.2022.9812328},
  timestamp = {Wed, 20 Jul 2022 18:22:50 +0200},
  biburl    = {https://dblp.org/rec/conf/icra/VatsKL22.bib},
  bibsource = {dblp computer science bibliography, https://dblp.org}
}

@inproceedings{HorgerKE19,
  author    = {Marcus H{\"{o}}rger and
               Hanna Kurniawati and
               Alberto Elfes},
  editor    = {Tamim Asfour and
               Eiichi Yoshida and
               Jaeheung Park and
               Henrik Christensen and
               Oussama Khatib},
  title     = {Multilevel Monte-Carlo for Solving POMDPs Online},
  booktitle = {Robotics Research - The 19th International Symposium {ISRR} 2019,
               Hanoi, Vietnam, October 6-10, 2019},
  series    = {Springer Proceedings in Advanced Robotics},
  volume    = {20},
  pages     = {174--190},
  publisher = {Springer},
  year      = {2019},
  url       = {https://doi.org/10.1007/978-3-030-95459-8\_11},
  doi       = {10.1007/978-3-030-95459-8\_11},
  timestamp = {Thu, 17 Mar 2022 12:12:54 +0100},
  biburl    = {https://dblp.org/rec/conf/isrr/HorgerKE19.bib},
  bibsource = {dblp computer science bibliography, https://dblp.org}
}

@inproceedings{GombolayJSSS16,
  author    = {Matthew C. Gombolay and
               Reed Jensen and
               Jessica Stigile and
               Sung{-}Hyun Son and
               Julie A. Shah},
  editor    = {Subbarao Kambhampati},
  title     = {Apprenticeship Scheduling: Learning to Schedule from Human Experts},
  booktitle = {Proceedings of the Twenty-Fifth International Joint Conference on
               Artificial Intelligence, {IJCAI} 2016, New York, NY, USA, 9-15 July
               2016},
  pages     = {826--833},
  publisher = {{IJCAI/AAAI} Press},
  year      = {2016},
  url       = {http://www.ijcai.org/Abstract/16/122},
  timestamp = {Tue, 20 Aug 2019 16:19:00 +0200},
  biburl    = {https://dblp.org/rec/conf/ijcai/GombolayJSSS16.bib},
  bibsource = {dblp computer science bibliography, https://dblp.org}
}

@article{DarvishSMC21,
  author    = {Kourosh Darvish and
               Enrico Simetti and
               Fulvio Mastrogiovanni and
               Giuseppe Casalino},
  title     = {A Hierarchical Architecture for Human-Robot Cooperation Processes},
  journal   = {{IEEE} Trans. Robotics},
  volume    = {37},
  number    = {2},
  pages     = {567--586},
  year      = {2021},
  url       = {https://doi.org/10.1109/TRO.2020.3033715},
  doi       = {10.1109/TRO.2020.3033715},
  timestamp = {Thu, 29 Apr 2021 15:11:33 +0200},
  biburl    = {https://dblp.org/rec/journals/trob/DarvishSMC21.bib},
  bibsource = {dblp computer science bibliography, https://dblp.org}
}

@inproceedings{fabiano2021multi,
  title={Multi-agent Epistemic Planning with Inconsistent Beliefs, Trust and Lies},
  author={Fabiano, Francesco and Burigana, Alessandro and Dovier, Agostino and Pontelli, Enrico and Son, Tran Cao},
  booktitle={Pacific Rim International Conference on Artificial Intelligence},
  pages={586--597},
  year={2021},
  organization={Springer}
}

@article{BolanderA11,
  author    = {Thomas Bolander and
               Mikkel Birkegaard Andersen},
  title     = {Epistemic planning for single and multi-agent systems},
  journal   = {J. Appl. Non Class. Logics},
  volume    = {21},
  number    = {1},
  pages     = {9--34},
  year      = {2011},
  url       = {https://doi.org/10.3166/jancl.21.9-34},
  doi       = {10.3166/jancl.21.9-34},
  timestamp = {Sat, 25 Apr 2020 14:02:37 +0200},
  biburl    = {https://dblp.org/rec/journals/jancl/BolanderA11.bib},
  bibsource = {dblp computer science bibliography, https://dblp.org}
}

@inproceedings{petrick2002knowledge,
  title={A Knowledge-Based Approach to Planning with Incomplete Information and Sensing.},
  author={Petrick, Ronald PA and Bacchus, Fahiem},
  booktitle={AIPS},
  volume={2},
  pages={212--22},
  year={2002}
}

@article{CooperHMMPR21,
  author    = {Martin C. Cooper and
               Andreas Herzig and
               Faustine Maffre and
               Fr{\'{e}}d{\'{e}}ric Maris and
               Elise Perrotin and
               Pierre R{\'{e}}gnier},
  title     = {A lightweight epistemic logic and its application to planning},
  journal   = {Artif. Intell.},
  volume    = {298},
  pages     = {103437},
  year      = {2021},
  url       = {https://doi.org/10.1016/j.artint.2020.103437},
  doi       = {10.1016/j.artint.2020.103437},
  timestamp = {Thu, 16 Sep 2021 18:06:24 +0200},
  biburl    = {https://dblp.org/rec/journals/ai/CooperHMMPR21.bib},
  bibsource = {dblp computer science bibliography, https://dblp.org}
}

@inproceedings{KR2021-12,
    title     = {{DEL-based Epistemic Planning for Human-Robot Collaboration: Theory and Implementation}},
    author    = {Bolander, Thomas and Dissing, Lasse and Herrmann, Nicolai},
    booktitle = {{Proceedings of the 18th International Conference on Principles of Knowledge Representation and Reasoning}},
    pages     = {120--129},
    year      = {2021},
    month     = {11},
    doi       = {10.24963/kr.2021/12},
    url       = {https://doi.org/10.24963/kr.2021/12},
}
  
@inproceedings{DissingB20,
  author    = {Lasse Dissing and
               Thomas Bolander},
  editor    = {Christian Bessiere},
  title     = {Implementing Theory of Mind on a Robot Using Dynamic Epistemic Logic},
  booktitle = {Proceedings of the Twenty-Ninth International Joint Conference on
               Artificial Intelligence, {IJCAI} 2020},
  pages     = {1615--1621},
  publisher = {ijcai.org},
  year      = {2020},
  url       = {https://doi.org/10.24963/ijcai.2020/224},
  doi       = {10.24963/ijcai.2020/224},
  timestamp = {Tue, 29 Dec 2020 18:40:48 +0100},
  biburl    = {https://dblp.org/rec/conf/ijcai/DissingB20.bib},
  bibsource = {dblp computer science bibliography, https://dblp.org}
}

@inproceedings{UnhelkarLS20,
  author    = {Vaibhav V. Unhelkar and
               Shen Li and
               Julie A. Shah},
  editor    = {Tony Belpaeme and
               James E. Young and
               Hatice Gunes and
               Laurel D. Riek},
  title     = {Decision-Making for Bidirectional Communication in Sequential Human-Robot
               Collaborative Tasks},
  booktitle = {{HRI} '20: {ACM/IEEE} International Conference on Human-Robot Interaction,
               Cambridge, United Kingdom, March 23-26, 2020},
  pages     = {329--341},
  publisher = {{ACM}},
  year      = {2020},
  url       = {https://doi.org/10.1145/3319502.3374779},
  doi       = {10.1145/3319502.3374779},
  timestamp = {Mon, 18 Jul 2022 16:47:42 +0200},
  biburl    = {https://dblp.org/rec/conf/hri/UnhelkarLS20.bib},
  bibsource = {dblp computer science bibliography, https://dblp.org}
}

@inproceedings{sanelli2017short,
  title={Short-term human-robot interaction through conditional planning and execution},
  author={Sanelli, Valerio and Cashmore, Michael and Magazzeni, Daniele and Iocchi, Luca},
  booktitle={Twenty-Seventh International Conference on Automated Planning and Scheduling},
  year={2017}
}

@inproceedings{unhelkar2019learning,
  title={Learning models of sequential decision-making with partial specification of agent behavior},
  author={Unhelkar, Vaibhav V and Shah, Julie A},
  booktitle={Proceedings of the AAAI Conference on Artificial Intelligence},
  volume={33},
  number={01},
  pages={2522--2530},
  year={2019}
}

@inproceedings{koppula2016anticipatory,
  title={Anticipatory planning for human-robot teams},
  author={Koppula, Hema S and Jain, Ashesh and Saxena, Ashutosh},
  booktitle={Experimental robotics},
  pages={453--470},
  year={2016},
  organization={Springer}
}

@article{wang2018robot,
  title={Robot action planning by online optimization in human--robot collaborative tasks},
  author={Wang, Weitian and Li, Rui and Diekel, Z Max and Jia, Yunyi},
  journal={International Journal of Intelligent Robotics and Applications},
  volume={2},
  number={2},
  pages={161--179},
  year={2018},
  publisher={Springer}
}

@inproceedings{levine2014concurrent,
  title={Concurrent plan recognition and execution for human-robot teams},
  author={Levine, Steven James and Williams, Brian Charles},
  booktitle={Twenty-Fourth International Conference on Automated Planning and Scheduling},
  year={2014}
}

@article{ferreira2021scheduling,
  title={Scheduling human-robot teams in collaborative working cells},
  author={Ferreira, Cristiane and Figueira, Gon{\c{c}}alo and Amorim, Pedro},
  journal={International Journal of Production Economics},
  volume={235},
  pages={108094},
  year={2021},
  publisher={Elsevier}
}

@inproceedings{engesser2017cooperative,
  title={Cooperative epistemic multi-agent planning for implicit coordination},
  author={Engesser, Thorsten and Bolander, Thomas and Mattm{\"u}ller, Robert and Nebel, Bernhard},
  booktitle={Proc. of the 9th Workshop on Methods for Modalities (EPTCS)},
  year={2017}
}

@inproceedings{roncone2017transparent,
  author    = {Alessandro Roncone and
               Olivier Mangin and
               Brian Scassellati},
  title     = {Transparent role assignment and task allocation in human robot collaboration},
  booktitle = {2017 {IEEE} International Conference on Robotics and Automation, {ICRA}
               2017, Singapore, Singapore, May 29 - June 3, 2017},
  pages     = {1014--1021},
  publisher = {{IEEE}},
  year      = {2017},
  url       = {https://doi.org/10.1109/ICRA.2017.7989122},
  doi       = {10.1109/ICRA.2017.7989122},
  timestamp = {Fri, 27 Mar 2020 08:57:12 +0100},
  biburl    = {https://dblp.org/rec/conf/icra/RonconeMS17.bib},
  bibsource = {dblp computer science bibliography, https://dblp.org}
}

@article{nikolaidis2018planning,
  title={Planning with verbal communication for human-robot collaboration},
  author={Nikolaidis, Stefanos and Kwon, Minae and Forlizzi, Jodi and Srinivasa, Siddhartha},
  journal={ACM Transactions on Human-Robot Interaction (THRI)},
  volume={7},
  number={3},
  pages={1--21},
  year={2018},
  publisher={ACM New York, NY, USA}
}

@article{annett1967task,
  title={Task analysis and training design.},
  author={Annett, John and Duncan, Keith D},
  journal={Journal of Occupational Psychology},
  year={1967},
  publisher={ERIC}
}

@inproceedings{sebastiani2017dealing,
  title={Dealing with on-line human-robot negotiations in hierarchical agent-based task planner},
  author={Sebastiani, Eugenio and Lallement, Rapha{\"e}l and Alami, Rachid and Iocchi, Luca},
  booktitle={Twenty-Seventh International Conference on Automated Planning and Scheduling},
  year={2017}
}

@inproceedings{milliez2014framework,
  title={A framework for endowing an interactive robot with reasoning capabilities about perspective-taking and belief management},
  author={Milliez, Gr{\'e}goire and Warnier, Matthieu and Clodic, Aur{\'e}lie and Alami, Rachid},
  booktitle={The 23rd IEEE international symposium on robot and human interactive communication},
  pages={1103--1109},
  year={2014},
  organization={IEEE}
}

@article{johnson2005perceptual,
  title={Perceptual perspective taking and action recognition},
  author={Johnson, Matthew and Demiris, Yiannis},
  journal={International Journal of Advanced Robotic Systems},
  volume={2},
  number={4},
  pages={32},
  year={2005},
  publisher={SAGE Publications Sage UK: London, England}
}


@article{tversky1999speakers,
  title={Why do speakers mix perspectives?},
  author={Tversky, Barbara and Lee, Paul and Mainwaring, Scott},
  journal={Spatial cognition and computation},
  volume={1},
  number={4},
  pages={399--412},
  year={1999},
  publisher={Springer}
}

@article{flavell1992perspectives,
  title={Perspectives on perspective taking},
  author={Flavell, John H},
  journal={Piaget's theory: Prospects and possibilities},
  pages={107--139},
  year={1992},
  publisher={Erlbaum Hillsdale, NJ}
}

@article{trafton2005enabling,
  title={Enabling effective human-robot interaction using perspective-taking in robots},
  author={Trafton, J Gregory and Cassimatis, Nicholas L and Bugajska, Magdalena D and Brock, Derek P and Mintz, Farilee E and Schultz, Alan C},
  journal={IEEE Transactions on Systems, Man, and Cybernetics-Part A: Systems and Humans},
  volume={35},
  number={4},
  pages={460--470},
  year={2005},
  publisher={IEEE}
}

@inproceedings{devin2016implemented,
  title={An implemented theory of mind to improve human-robot shared plans execution},
  author={Devin, Sandra and Alami, Rachid},
  booktitle={2016 11th ACM/IEEE International Conference on Human-Robot Interaction (HRI)},
  pages={319--326},
  year={2016},
  organization={IEEE}
}

@inproceedings{berlin2006perspective,
  title={Perspective taking: An organizing principle for learning in human-robot interaction},
  author={Berlin, Matt and Gray, Jesse and Thomaz, Andrea Lockerd and Breazeal, Cynthia},
  booktitle={AAAI},
  volume={2},
  pages={1444--1450},
  year={2006}
}

@article{premack1978does,
  title={Does the chimpanzee have a theory of mind?},
  author={Premack, David and Woodruff, Guy},
  journal={Behavioral and brain sciences},
  volume={1},
  number={4},
  pages={515--526},
  year={1978},
  publisher={Cambridge University Press}
}

@article{baron1985does,
  title={Does the autistic child have a “theory of mind”?},
  author={Baron-Cohen, Simon and Leslie, Alan M and Frith, Uta},
  journal={Cognition},
  volume={21},
  number={1},
  pages={37--46},
  year={1985},
  publisher={Elsevier}
}

@article{Sisbot2011SituationAF,
  title={Situation assessment for human-robot interactive object manipulation},
  author={Emrah Akin Sisbot and Raquel Ros and Rachid Alami},
  journal={2011 RO-MAN},
  year={2011},
  pages={15-20}
}

@article{lallement2014hatp,
  title={HATP: An HTN planner for robotics},
  author={Lallement, Rapha{\"e}l and De Silva, Lavindra and Alami, Rachid},
  journal={arXiv preprint arXiv:1405.5345},
  year={2014}
}

@book{naubooks0014222,
  author    = {Malik Ghallab and
               Dana S. Nau and
               Paolo Traverso},
  title     = {Automated planning - theory and practice},
  publisher = {Elsevier},
  year      = {2004},
  isbn      = {978-1-55860-856-6},
  timestamp = {Thu, 14 Apr 2011 14:43:22 +0200},
  biburl    = {https://dblp.org/rec/books/daglib/0014222.bib},
  bibsource = {dblp computer science bibliography, https://dblp.org}
}


@inproceedings{BuisanA21,
  author    = {Guilhem Buisan and
               Rachid Alami},
  editor    = {Cindy L. Bethel and
               Ana Paiva and
               Elizabeth Broadbent and
               David Feil{-}Seifer and
               Daniel Szafir},
  title     = {A Human-Aware Task Planner Explicitly Reasoning About Human and Robot
               Decision, Action and Reaction},
  booktitle = {Companion of the 2021 {ACM/IEEE} International Conference on Human-Robot
               Interaction, {HRI} 2021, Boulder, CO, USA, March 8-11, 2021},
  pages     = {544--548},
  publisher = {{ACM}},
  year      = {2021},
  url       = {https://doi.org/10.1145/3434074.3447231},
  doi       = {10.1145/3434074.3447231},
  timestamp = {Mon, 03 Jan 2022 22:22:09 +0100},
  biburl    = {https://dblp.org/rec/conf/hri/BuisanA21.bib},
  bibsource = {dblp computer science bibliography, https://dblp.org}
}


@inproceedings{lallement2018hatp,
  title={HATP: hierarchical agent-based task planner},
  author={Lallement, Rapha{\"e}l and de Silva, Lavindra and Alami, Rachid},
  booktitle={International Conference on Autonomous Agents and Multiagent Systems (AAMAS 2018)},
  year={2018}
}

@inproceedings{de2015hatp,
  title={The HATP hierarchical planner: Formalisation and an initial study of its usability and practicality},
  author={De Silva, Lavindra and Lallement, Rapha{\"e}l and Alami, Rachid},
  booktitle={2015 IEEE/RSJ international conference on intelligent robots and systems (IROS)},
  pages={6465--6472},
  year={2015},
  organization={IEEE}
}

@inproceedings{ingrand1996prs,
  title={PRS: A high level supervision and control language for autonomous mobile robots},
  author={Ingrand, Fran{\c{c}}ois F{\'e}lix and Chatila, Raja and Alami, Rachid and Robert, Fr{\'e}d{\'e}ric},
  booktitle={Proceedings of IEEE International Conference on Robotics and Automation},
  volume={1},
  pages={43--49},
  year={1996},
  organization={IEEE}
}

@inproceedings{milliez2016using,
  title={Using human knowledge awareness to adapt collaborative plan generation, explanation and monitoring},
  author={Milliez, Gr{\'e}goire and Lallement, Rapha{\"e}l and Fiore, Michelangelo and Alami, Rachid},
  booktitle={2016 11th ACM/IEEE International Conference on Human-Robot Interaction (HRI)},
  pages={43--50},
  year={2016},
  organization={IEEE}
}

@inproceedings{UnhelkarLS19,
  author    = {Vaibhav V. Unhelkar and
               Shen Li and
               Julie A. Shah},
  editor    = {Leslie Pack Kaelbling and
               Danica Kragic and
               Komei Sugiura},
  title     = {Semi-Supervised Learning of Decision-Making Models for Human-Robot
               Collaboration},
  booktitle = {3rd Annual Conference on Robot Learning, CoRL 2019, Osaka, Japan,
               October 30 - November 1, 2019, Proceedings},
  series    = {Proceedings of Machine Learning Research},
  volume    = {100},
  pages     = {192--203},
  publisher = {{PMLR}},
  year      = {2019},
  url       = {http://proceedings.mlr.press/v100/unhelkar20a.html},
  timestamp = {Mon, 25 May 2020 15:01:26 +0200},
  biburl    = {https://dblp.org/rec/conf/corl/UnhelkarLS19.bib},
  bibsource = {dblp computer science bibliography, https://dblp.org}
}

@inproceedings{unhelkar2020decision,
  title={Decision-making for bidirectional communication in sequential human-robot collaborative tasks},
  author={Unhelkar, Vaibhav V and Li, Shen and Shah, Julie A},
  booktitle={Proceedings of the 2020 ACM/IEEE International Conference on Human-Robot Interaction},
  pages={329--341},
  year={2020}
}

@inproceedings{buckingham2020robot,
  title={Robot Planning with Mental Models of Co-present Humans},
  author={Buckingham, David and Chita-Tegmark, Meia and Scheutz, Matthias},
  booktitle={International Conference on Social Robotics},
  pages={566--577},
  year={2020},
  organization={Springer}
}

@inproceedings{hoffman2007effects,
  title={Effects of anticipatory action on human-robot teamwork efficiency, fluency, and perception of team},
  author={Hoffman, Guy and Breazeal, Cynthia},
  booktitle={Proceedings of the ACM/IEEE international conference on Human-robot interaction},
  pages={1--8},
  year={2007}
}

@article{AlamiCFGI98,
  author    = {Rachid Alami and
               Raja Chatila and
               Sara Fleury and
               Malik Ghallab and
               F{\'{e}}lix Ingrand},
  title     = {An Architecture for Autonomy},
  journal   = {Int. J. Robotics Res.},
  volume    = {17},
  number    = {4},
  pages     = {315--337},
  year      = {1998},
  url       = {https://doi.org/10.1177/027836499801700402},
  doi       = {10.1177/027836499801700402},
  timestamp = {Mon, 03 Jan 2022 22:07:03 +0100},
  biburl    = {https://dblp.org/rec/journals/ijrr/AlamiCFGI98.bib},
  bibsource = {dblp computer science bibliography, https://dblp.org}
}

@incollection{alili2009task,
  title={A task planner for an autonomous social robot},
  author={Alili, Samir and Alami, Rachid and Montreuil, Vincent},
  booktitle={Distributed autonomous robotic systems 8},
  pages={335--344},
  year={2009},
  publisher={Springer}
}

@inproceedings{alili2009planning,
  title={Planning and plan-execution for human-robot cooperative task achievement},
  author={Alili, Samir and Warnier, Matthieu and Ali, Muhammad and Alami, Rachid},
  booktitle={19th international conference on automated planning and scheduling (ICAPS)},
  year={2009}
}

@inproceedings{montreuil2007planning,
  title={Planning human centered robot activities},
  author={Montreuil, Vincent and Clodic, Aur{\'e}lie and Ransan, Maxime and Alami, Rachid},
  booktitle={2007 IEEE International Conference on Systems, Man and Cybernetics},
  pages={2618--2623},
  year={2007},
  organization={IEEE}
}

@inproceedings{buisan:hal-03684211,
  TITLE = {{HATP/EHDA: A Robot Task Planner Anticipating and Eliciting Human Decisions and Actions}},
  AUTHOR = {Buisan, Guilhem and Favier, Anthony and Mayima, Amandine and Alami, Rachid},
  URL = {https://hal.laas.fr/hal-03684211},
  BOOKTITLE = {{IEEE International Conference On Robotics and Automation (ICRA 2022)}},
  ADDRESS = {Philadelphia, United States},
  HAL_LOCAL_REFERENCE = {Rapport LAAS n{\textdegree} 22166},
  YEAR = {2022},
  MONTH = May,
  PDF = {https://hal.laas.fr/hal-03684211/file/ICRA_2022.pdf},
  HAL_ID = {hal-03684211},
  HAL_VERSION = {v1},
}

@inproceedings{alami2006toward,
  title={Toward Human-Aware Robot Task Planning.},
  author={Alami, Rachid and Clodic, Aur{\'e}lie and Montreuil, Vincent and Sisbot, Emrah Akin and Chatila, Raja},
  booktitle={AAAI spring symposium: to boldly go where no human-robot team has gone before},
  pages={39--46},
  year={2006}
}



@inproceedings{warnier-2012,
  TITLE = {{When the robot puts itself in your shoes. Managing and exploiting human and robot beliefs}},
  AUTHOR = {Warnier, Mathieu and Guitton, Julien and Lemaignan, S{\'e}verin and Alami, Rachid},
   BOOKTITLE = {{IEEE RO-MAN: The 21st IEEE International Symposium on Robot and Human Interactive Communication}},
  ADDRESS = {Paris, France},
  PAGES = {7p.},
  YEAR = {2012},
  MONTH = Sep,
 }


@article{lemaignan-2017,
  TITLE = {{Artificial Cognition for Social Human-Robot Interaction: An Implementation}},
  AUTHOR = {Lemaignan, S{\'e}verin and Warnier, Matthieu and Sisbot, Emrah Akin and Clodic, Aur{\'e}lie and Alami, Rachid},
   JOURNAL = {{Artificial Intelligence}},
   PUBLISHER = {{Elsevier}},
  VOLUME = {247},
  PAGES = {45-69},
  YEAR = {2017},
  MONTH = Jun,
  DOI = {10.1016/j.artint.2016.07.002},
 }

